@ARTICLE{ hermes14,
   author = {{Hermes}, J.~J. and {Brown}, W.~R. and {Kilic}, M. and {Gianninas}, A. and 
	{Chote}, P. and {Sullivan}, D.~J. and {Winget}, D.~E. and {Bell}, K.~J. and 
	{Falcon}, R.~E. and {Winget}, K.~I. and {Mason}, P.~A. and {Harrold}, S.~T. and 
	{Montgomery}, M.~H.},
    title = "{Radius Constraints from High-speed Photometry of 20 Low-mass White Dwarf Binaries}",
  journal = {\apj},
archivePrefix = "arXiv",
   eprint = {1407.3798},
 primaryClass = "astro-ph.SR",
 keywords = {binaries: close, Galaxy: stellar content, stars: variables: general, white dwarfs},
     year = 2014,
    month = sep,
   volume = 792,
      eid = {39},
    pages = {39},
      doi = {10.1088/0004-637X/792/1/39},
   adsurl = {http://adsabs.harvard.edu/abs/2014ApJ...792...39H},
  adsnote = {Provided by the SAO/NASA Astrophysics Data System}
}

@ARTICLE{ brown11a,
   author = {{Brown}, W.~R. and {Kilic}, M. and {Allende Prieto}, C. and 
	{Kenyon}, S.~J.},
    title = "{The merger rate of extremely low mass white dwarf binaries: links to the formation of AM CVn stars and underluminous supernovae}",
  journal = {\mnras},
archivePrefix = "arXiv",
   eprint = {1011.3047},
 primaryClass = "astro-ph.GA",
 keywords = {binaries: close, white dwarfs, Galaxy: stellar content},
     year = 2011,
    month = feb,
   volume = 411,
    pages = {L31-L35},
      doi = {10.1111/j.1745-3933.2010.00986.x},
   adsurl = {http://adsabs.harvard.edu/abs/2011MNRAS.411L..31B},
  adsnote = {Provided by the SAO/NASA Astrophysics Data System}
}

@ARTICLE{ brown11b,
   author = {{Brown}, W.~R. and {Kilic}, M. and {Hermes}, J.~J. and {Allende Prieto}, C. and 
	{Kenyon}, S.~J. and {Winget}, D.~E.},
    title = "{A 12 Minute Orbital Period Detached White Dwarf Eclipsing Binary}",
  journal = {\apjl},
archivePrefix = "arXiv",
   eprint = {1107.2389},
 primaryClass = "astro-ph.GA",
 keywords = {binaries: close, binaries: eclipsing, gravitational waves, stars: individual: SDSS J065133.338+284423.37, white dwarfs},
     year = 2011,
    month = aug,
   volume = 737,
      eid = {L23},
    pages = {L23},
      doi = {10.1088/2041-8205/737/1/L23},
   adsurl = {http://adsabs.harvard.edu/abs/2011ApJ...737L..23B},
  adsnote = {Provided by the SAO/NASA Astrophysics Data System}
}

@ARTICLE{ kaplan14,
   author = {{Kaplan}, D.~L. and {Marsh}, T.~R. and {Walker}, A.~N. and {Bildsten}, L. and 
	{Bours}, M.~C.~P. and {Breedt}, E. and {Copperwheat}, C.~M. and 
	{Dhillon}, V.~S. and {Howell}, S.~B. and {Littlefair}, S.~P. and 
	{Shporer}, A. and {Steinfadt}, J.~D.~R.},
    title = "{Properties of an Eclipsing Double White Dwarf Binary NLTT 11748}",
  journal = {\apj},
archivePrefix = "arXiv",
   eprint = {1311.6831},
 primaryClass = "astro-ph.SR",
 keywords = {binaries: eclipsing, stars: individual: NLTT 11748, techniques: photometric, white dwarfs},
     year = 2014,
    month = jan,
   volume = 780,
      eid = {167},
    pages = {167},
      doi = {10.1088/0004-637X/780/2/167},
   adsurl = {http://adsabs.harvard.edu/abs/2014ApJ...780..167K},
  adsnote = {Provided by the SAO/NASA Astrophysics Data System}
}

@ARTICLE{ kilic14,
   author = {{Kilic}, M. and {Hermes}, J.~J. and {Gianninas}, A. and {Brown}, W.~R. and 
	{Heinke}, C.~O. and {Ag{\"u}eros}, M.~A. and {Chote}, P. and 
	{Sullivan}, D.~J. and {Bell}, K.~J. and {Harrold}, S.~T.},
    title = "{Found: the progenitors of AM CVn and supernovae .Ia}",
  journal = {\mnras},
archivePrefix = "arXiv",
   eprint = {1310.6359},
 primaryClass = "astro-ph.GA",
 keywords = {binaries: close, stars: individual: SDSS J075141.18-014120.9, stars: individual: SDSS J174140.49+652638.7, white dwarfs, Galaxy: stellar content},
     year = 2014,
    month = feb,
   volume = 438,
    pages = {L26-L30},
      doi = {10.1093/mnrasl/slt151},
   adsurl = {http://adsabs.harvard.edu/abs/2014MNRAS.438L..26K},
  adsnote = {Provided by the SAO/NASA Astrophysics Data System}
}

@ARTICLE{ gianninas14,
   author = {{Gianninas}, A. and {Dufour}, P. and {Kilic}, M. and {Brown}, W.~R. and 
	{Bergeron}, P. and {Hermes}, J.~J.},
    title = "{Precise Atmospheric Parameters for the Shortest-period Binary White Dwarfs: Gravitational Waves, Metals, and Pulsations}",
  journal = {\apj},
archivePrefix = "arXiv",
   eprint = {1408.3118},
 primaryClass = "astro-ph.SR",
 keywords = {binaries: close, stars: abundances, stars: fundamental parameters, techniques: spectroscopic, white dwarfs },
     year = 2014,
    month = oct,
   volume = 794,
      eid = {35},
    pages = {35},
      doi = {10.1088/0004-637X/794/1/35},
   adsurl = {http://adsabs.harvard.edu/abs/2014ApJ...794...35G},
  adsnote = {Provided by the SAO/NASA Astrophysics Data System}
}

@ARTICLE{ toonen12,
   author = {{Toonen}, S. and {Nelemans}, G. and {Portegies Zwart}, S.},
    title = "{Supernova Type Ia progenitors from merging double white dwarfs. Using a new population synthesis model}",
  journal = {\aap},
archivePrefix = "arXiv",
   eprint = {1208.6446},
 primaryClass = "astro-ph.HE",
 keywords = {binaries: close, stars: evolution, white dwarfs, supernovae: general},
     year = 2012,
    month = oct,
   volume = 546,
      eid = {A70},
    pages = {A70},
      doi = {10.1051/0004-6361/201218966},
   adsurl = {http://adsabs.harvard.edu/abs/2012A%26A...546A..70T},
  adsnote = {Provided by the SAO/NASA Astrophysics Data System}
}

@ARTICLE{ astropy13,
   author = {{Astropy Collaboration} and {Robitaille}, T.~P. and {Tollerud}, E.~J. and 
	{Greenfield}, P. and {Droettboom}, M. and {Bray}, E. and {Aldcroft}, T. and 
	{Davis}, M. and {Ginsburg}, A. and {Price-Whelan}, A.~M. and 
	{Kerzendorf}, W.~E. and {Conley}, A. and {Crighton}, N. and 
	{Barbary}, K. and {Muna}, D. and {Ferguson}, H. and {Grollier}, F. and 
	{Parikh}, M.~M. and {Nair}, P.~H. and {Unther}, H.~M. and {Deil}, C. and 
	{Woillez}, J. and {Conseil}, S. and {Kramer}, R. and {Turner}, J.~E.~H. and 
	{Singer}, L. and {Fox}, R. and {Weaver}, B.~A. and {Zabalza}, V. and 
	{Edwards}, Z.~I. and {Azalee Bostroem}, K. and {Burke}, D.~J. and 
	{Casey}, A.~R. and {Crawford}, S.~M. and {Dencheva}, N. and 
	{Ely}, J. and {Jenness}, T. and {Labrie}, K. and {Lim}, P.~L. and 
	{Pierfederici}, F. and {Pontzen}, A. and {Ptak}, A. and {Refsdal}, B. and 
	{Servillat}, M. and {Streicher}, O.},
    title = "{Astropy: A community Python package for astronomy}",
  journal = {\aap},
archivePrefix = "arXiv",
   eprint = {1307.6212},
 primaryClass = "astro-ph.IM",
 keywords = {methods: data analysis, methods: miscellaneous, virtual observatory tools},
     year = 2013,
    month = oct,
   volume = 558,
      eid = {A33},
    pages = {A33},
      doi = {10.1051/0004-6361/201322068},
   adsurl = {http://adsabs.harvard.edu/abs/2013A%26A...558A..33A},
  adsnote = {Provided by the SAO/NASA Astrophysics Data System}
}

@ARTICLE{ foremanmackey13,
   author = {{Foreman-Mackey}, D. and {Hogg}, D.~W. and {Lang}, D. and {Goodman}, J.
	},
    title = "{emcee: The MCMC Hammer}",
  journal = {\pasp},
archivePrefix = "arXiv",
   eprint = {1202.3665},
 primaryClass = "astro-ph.IM",
 keywords = {Data Analysis and Techniques},
     year = 2013,
    month = mar,
   volume = 125,
    pages = {306-312},
      doi = {10.1086/670067},
   adsurl = {http://adsabs.harvard.edu/abs/2013PASP..125..306F},
  adsnote = {Provided by the SAO/NASA Astrophysics Data System}
}

@ARTICLE{ bassa06,
   author = {{Bassa}, C.~G. and {van Kerkwijk}, M.~H. and {Koester}, D. and 
	{Verbunt}, F.},
    title = "{The masses of PSR J1911-5958A and its white dwarf companion}",
  journal = {\aap},
   eprint = {astro-ph/0603267},
 keywords = {stars: pulsars: individual: PSR J1911-5958A, Galaxy: globular clusters: individual: NGC 6752, stars: neutron, stars: white dwarfs},
     year = 2006,
    month = sep,
   volume = 456,
    pages = {295-304},
      doi = {10.1051/0004-6361:20065181},
   adsurl = {http://adsabs.harvard.edu/abs/2006A%26A...456..295B},
  adsnote = {Provided by the SAO/NASA Astrophysics Data System}
}

@ARTICLE{ callanan98,
   author = {{Callanan}, P.~J. and {Garnavich}, P.~M. and {Koester}, D.},
    title = "{The mass of the neutron star in the binary millisecond pulsar PSR J1012+5307}",
  journal = {\mnras},
 keywords = {STARS: BINARIES: GENERAL, NEUTRON, PULSARS: INDIVIDUAL: PSR J1012+/-5307},
     year = 1998,
    month = jul,
   volume = 298,
    pages = {207-211},
      doi = {10.1046/j.1365-8711.1998.01634.x},
   adsurl = {http://adsabs.harvard.edu/abs/1998MNRAS.298..207C},
  adsnote = {Provided by the SAO/NASA Astrophysics Data System}
}

@ARTICLE{ vKerkwijk96,
   author = {{van Kerkwijk}, M.~H. and {Bergeron}, P. and {Kulkarni}, S.~R.
	},
    title = "{The Masses of the Millisecond Pulsar J1012+5307 and Its White Dwarf Companion}",
  journal = {\apjl},
   eprint = {astro-ph/9606045},
 keywords = {STARS: BINARIES: CLOSE, STARS: NEUTRON, STARS: PULSARS: INDIVIDUAL ALPHANUMERIC: PSR J1012+5307, STARS: WHITE DWARFS},
     year = 1996,
    month = aug,
   volume = 467,
    pages = {L89},
      doi = {10.1086/310209},
   adsurl = {http://adsabs.harvard.edu/abs/1996ApJ...467L..89V},
  adsnote = {Provided by the SAO/NASA Astrophysics Data System}
}

@ARTICLE{ antoniadis12,
   author = {{Antoniadis}, J. and {van Kerkwijk}, M.~H. and {Koester}, D. and 
	{Freire}, P.~C.~C. and {Wex}, N. and {Tauris}, T.~M. and {Kramer}, M. and 
	{Bassa}, C.~G.},
    title = "{The relativistic pulsar-white dwarf binary PSR J1738+0333 - I. Mass determination and evolutionary history}",
  journal = {\mnras},
archivePrefix = "arXiv",
   eprint = {1204.3948},
 primaryClass = "astro-ph.HE",
 keywords = {binaries: close, stars: neutron, pulsars: general, white dwarfs, stars: individual: PSR J1738+0333},
     year = 2012,
    month = jul,
   volume = 423,
    pages = {3316-3327},
      doi = {10.1111/j.1365-2966.2012.21124.x},
   adsurl = {http://adsabs.harvard.edu/abs/2012MNRAS.423.3316A},
  adsnote = {Provided by the SAO/NASA Astrophysics Data System}
}

@ARTICLE{ agueros09a,
   author = {{Ag{\"u}eros}, M.~A. and {Heinke}, C. and {Camilo}, F. and {Kilic}, M. and 
	{Anderson}, S.~F. and {Freire}, P. and {Kleinman}, S.~J. and 
	{Liebert}, J.~W. and {Silvestri}, N.~M.},
    title = "{No Neutron Star Companion to the Lowest Mass SDSS White Dwarf}",
  journal = {\apjl},
archivePrefix = "arXiv",
   eprint = {0906.5109},
 primaryClass = "astro-ph.SR",
 keywords = {pulsars: general, stars: individual: SDSS J091709.55+463821.8, white dwarfs},
     year = 2009,
    month = aug,
   volume = 700,
    pages = {L123-L126},
      doi = {10.1088/0004-637X/700/2/L123},
   adsurl = {http://adsabs.harvard.edu/abs/2009ApJ...700L.123A},
  adsnote = {Provided by the SAO/NASA Astrophysics Data System}
}

@ARTICLE{ agueros09b,
   author = {{Ag{\"u}eros}, M.~A. and {Camilo}, F. and {Silvestri}, N.~M. and 
	{Kleinman}, S.~J. and {Anderson}, S.~F. and {Liebert}, J.~W.
	},
    title = "{A Radio Search for Pulsar Companions to Sloan Digital Sky Survey Low-Mass White Dwarfs}",
  journal = {\apj},
archivePrefix = "arXiv",
   eprint = {0903.0330},
 primaryClass = "astro-ph.SR",
 keywords = {pulsars: general, white dwarfs},
     year = 2009,
    month = may,
   volume = 697,
    pages = {283-287},
      doi = {10.1088/0004-637X/697/1/283},
   adsurl = {http://adsabs.harvard.edu/abs/2009ApJ...697..283A},
  adsnote = {Provided by the SAO/NASA Astrophysics Data System}
}

@ARTICLE{ kilic13,
   author = {{Kilic}, M. and {Gianninas}, A. and {Brown}, W.~R. and {Harris}, H.~C. and 
	{Dahn}, C.~C. and {Ag{\"u}eros}, M.~A. and {Heinke}, C.~O. and 
	{Kenyon}, S.~J. and {Panei}, J.~A. and {Camilo}, F.},
    title = "{The runaway binary LP 400-22 is leaving the Galaxy}",
  journal = {\mnras},
archivePrefix = "arXiv",
   eprint = {1307.3258},
 primaryClass = "astro-ph.GA",
 keywords = {binaries: close, stars: individual: LP 400-22, stars: individual: WD 2234+222, white dwarfs, Galaxy: kinematics and dynamics, Galaxy: stellar content},
     year = 2013,
    month = oct,
   volume = 434,
    pages = {3582-3589},
      doi = {10.1093/mnras/stt1282},
   adsurl = {http://adsabs.harvard.edu/abs/2013MNRAS.434.3582K},
  adsnote = {Provided by the SAO/NASA Astrophysics Data System}
}

@ARTICLE{ vLeeuwen07,
   author = {{van Leeuwen}, J. and {Ferdman}, R.~D. and {Meyer}, S. and {Stairs}, I.
	},
    title = "{A search for radio pulsars around low-mass white dwarfs}",
  journal = {\mnras},
   eprint = {astro-ph/0611082},
 keywords = {pulsars: general, white dwarfs},
     year = 2007,
    month = feb,
   volume = 374,
    pages = {1437-1440},
      doi = {10.1111/j.1365-2966.2006.11243.x},
   adsurl = {http://adsabs.harvard.edu/abs/2007MNRAS.374.1437V},
  adsnote = {Provided by the SAO/NASA Astrophysics Data System}
}

@ARTICLE{ ELMI,
   author = {{Brown}, W.~R. and {Kilic}, M. and {Allende Prieto}, C. and 
	{Kenyon}, S.~J.},
    title = "{The ELM Survey. I. A Complete Sample of Extremely Low-mass White Dwarfs}",
  journal = {\apj},
archivePrefix = "arXiv",
   eprint = {1011.3050},
 primaryClass = "astro-ph.GA",
 keywords = {Galaxy: stellar content, stars: individual: J211921.96-001825.8 SDSS J075552.40+490627.9 SDSS J081822.34+353618.9 SDSS J092345.60+302805.0 SDSS J123316.20+160204.6 SDSS J143948.40+100221.7 SDSS J151225.70+261538.5, white dwarfs},
     year = 2010,
    month = nov,
   volume = 723,
    pages = {1072-1081},
      doi = {10.1088/0004-637X/723/2/1072},
   adsurl = {http://adsabs.harvard.edu/abs/2010ApJ...723.1072B},
  adsnote = {Provided by the SAO/NASA Astrophysics Data System}
}

@ARTICLE{ ELMII,
   author = {{Kilic}, M. and {Brown}, W.~R. and {Allende Prieto}, C. and 
	{Ag{\"u}eros}, M.~A. and {Heinke}, C. and {Kenyon}, S.~J.},
    title = "{The ELM Survey. II. Twelve Binary White Dwarf Merger Systems}",
  journal = {\apj},
archivePrefix = "arXiv",
   eprint = {1011.4073},
 primaryClass = "astro-ph.GA",
 keywords = {binaries: close, stars: low-mass, white dwarfs},
     year = 2011,
    month = jan,
   volume = 727,
      eid = {3},
    pages = {3},
      doi = {10.1088/0004-637X/727/1/3},
   adsurl = {http://adsabs.harvard.edu/abs/2011ApJ...727....3K},
  adsnote = {Provided by the SAO/NASA Astrophysics Data System}
}

@ARTICLE{ ELMIII,
   author = {{Brown}, W.~R. and {Kilic}, M. and {Allende Prieto}, C. and 
	{Kenyon}, S.~J.},
    title = "{The ELM Survey. III. A Successful Targeted Survey for Extremely Low Mass White Dwarfs}",
  journal = {\apj},
archivePrefix = "arXiv",
   eprint = {1111.6588},
 primaryClass = "astro-ph.SR",
 keywords = {binaries: close, Galaxy: stellar content, stars: individual: SDSS J011210.25+183503.7 SDSS J015213.77+074913.9 SDSS J144342.74+150938.6 SDSS J151826.68+065813.2 SDSS J174140.49+652638.7 SDSS J184037.78+642312.3, stars: neutron, white dwarfs},
     year = 2012,
    month = jan,
   volume = 744,
      eid = {142},
    pages = {142},
      doi = {10.1088/0004-637X/744/2/142},
   adsurl = {http://adsabs.harvard.edu/abs/2012ApJ...744..142B},
  adsnote = {Provided by the SAO/NASA Astrophysics Data System}
}

@ARTICLE{ ELMIV,
   author = {{Kilic}, M. and {Brown}, W.~R. and {Allende Prieto}, C. and 
	{Kenyon}, S.~J. and {Heinke}, C.~O. and {Ag{\"u}eros}, M.~A. and 
	{Kleinman}, S.~J.},
    title = "{The ELM Survey. IV. 24 White Dwarf Merger Systems}",
  journal = {\apj},
archivePrefix = "arXiv",
   eprint = {1204.0028},
 primaryClass = "astro-ph.GA",
 keywords = {binaries: close, Galaxy: stellar content, gravitational waves, supernovae: general, white dwarfs},
     year = 2012,
    month = jun,
   volume = 751,
      eid = {141},
    pages = {141},
      doi = {10.1088/0004-637X/751/2/141},
   adsurl = {http://adsabs.harvard.edu/abs/2012ApJ...751..141K},
  adsnote = {Provided by the SAO/NASA Astrophysics Data System}
}

@ARTICLE{ ELMV,
   author = {{Brown}, W.~R. and {Kilic}, M. and {Allende Prieto}, C. and 
	{Gianninas}, A. and {Kenyon}, S.~J.},
    title = "{The ELM Survey. V. Merging Massive White Dwarf Binaries}",
  journal = {\apj},
archivePrefix = "arXiv",
   eprint = {1304.4248},
 primaryClass = "astro-ph.SR",
 keywords = {binaries: close, Galaxy: stellar content, stars: individual: SDSS J0751{\ndash}0141 SDSS J0811+0225, stars: neutron, white dwarfs},
     year = 2013,
    month = may,
   volume = 769,
      eid = {66},
    pages = {66},
      doi = {10.1088/0004-637X/769/1/66},
   adsurl = {http://adsabs.harvard.edu/abs/2013ApJ...769...66B},
  adsnote = {Provided by the SAO/NASA Astrophysics Data System}
}

@ARTICLE{ marsh95,
   author = {{Marsh}, T.~R. and {Dhillon}, V.~S. and {Duck}, S.~R.},
    title = "{Low-Mass White Dwarfs Need Friends - Five New Double-Degenerate Close Binary Stars}",
  journal = {\mnras},
 keywords = {binaries: close - binaries: spectroscopic - white dwarfs},
     year = 1995,
    month = aug,
   volume = 275,
    pages = {828},
   adsurl = {http://adsabs.harvard.edu/abs/1995MNRAS.275..828M},
  adsnote = {Provided by the SAO/NASA Astrophysics Data System}
}

@ARTICLE{ han98,
   author = {{Han}, Z.},
    title = "{The formation of double degenerates and related objects}",
  journal = {\mnras},
 keywords = {BINARIES: GENERAL, STARS: EVOLUTION, STARS: MASS-LOSS, NOVAE, CATACLYSMIC VARIABLES, SUPERNOVAE: GENERAL, WHITE DWARFS},
     year = 1998,
    month = jun,
   volume = 296,
    pages = {1019-1040},
      doi = {10.1046/j.1365-8711.1998.01475.x},
   adsurl = {http://adsabs.harvard.edu/abs/1998MNRAS.296.1019H},
  adsnote = {Provided by the SAO/NASA Astrophysics Data System}
}

@ARTICLE{ woods12,
   author = {{Woods}, T.~E. and {Ivanova}, N. and {van der Sluys}, M.~V. and 
	{Chaichenets}, S.},
    title = "{On the Formation of Double White Dwarfs through Stable Mass Transfer and a Common Envelope}",
  journal = {\apj},
archivePrefix = "arXiv",
   eprint = {1102.1039},
 primaryClass = "astro-ph.SR",
 keywords = {binaries: close, stars: evolution, X-rays: binaries},
     year = 2012,
    month = jan,
   volume = 744,
      eid = {12},
    pages = {12},
      doi = {10.1088/0004-637X/744/1/12},
   adsurl = {http://adsabs.harvard.edu/abs/2012ApJ...744...12W},
  adsnote = {Provided by the SAO/NASA Astrophysics Data System}
}

@ARTICLE{ vdSluys06,
   author = {{van der Sluys}, M.~V. and {Verbunt}, F. and {Pols}, O.~R.},
    title = "{Modelling the formation of double white dwarfs}",
  journal = {\aap},
   eprint = {astro-ph/0610492},
 keywords = {stars: binaries: close, stars: white dwarfs, stars: evolution, stars: individual: PG 1115+116},
     year = 2006,
    month = dec,
   volume = 460,
    pages = {209-228},
      doi = {10.1051/0004-6361:20065066},
   adsurl = {http://adsabs.harvard.edu/abs/2006A%26A...460..209V},
  adsnote = {Provided by the SAO/NASA Astrophysics Data System}
}

@ARTICLE{ kilic07,
   author = {{Kilic}, M. and {Stanek}, K.~Z. and {Pinsonneault}, M.~H.},
    title = "{The Future Is Now: The Formation of Single Low-Mass White Dwarfs in the Solar Neighborhood}",
  journal = {\apj},
archivePrefix = "arXiv",
   eprint = {0706.3045},
 keywords = {Stars: Low-Mass, Brown Dwarfs, Stars: White Dwarfs},
     year = 2007,
    month = dec,
   volume = 671,
    pages = {761-766},
      doi = {10.1086/522228},
   adsurl = {http://adsabs.harvard.edu/abs/2007ApJ...671..761K},
  adsnote = {Provided by the SAO/NASA Astrophysics Data System}
}

@ARTICLE{ liebert05,
   author = {{Liebert}, J. and {Bergeron}, P. and {Holberg}, J.~B.},
    title = "{The Formation Rate and Mass and Luminosity Functions of DA White Dwarfs from the Palomar Green Survey}",
  journal = {\apjs},
   eprint = {astro-ph/0406657},
 keywords = {Stars: Fundamental Parameters, Stars: Luminosity Function, Mass Function, Stars: White Dwarfs},
     year = 2005,
    month = jan,
   volume = 156,
    pages = {47-68},
      doi = {10.1086/425738},
   adsurl = {http://adsabs.harvard.edu/abs/2005ApJS..156...47L},
  adsnote = {Provided by the SAO/NASA Astrophysics Data System}
}


@ARTICLE{ kleinman13,
   author = {{Kleinman}, S.~J. and {Kepler}, S.~O. and {Koester}, D. and 
	{Pelisoli}, I. and {Pe{\c c}anha}, V. and {Nitta}, A. and {Costa}, J.~E.~S. and 
	{Krzesinski}, J. and {Dufour}, P. and {Lachapelle}, F.-R. and 
	{Bergeron}, P. and {Yip}, C.-W. and {Harris}, H.~C. and {Eisenstein}, D.~J. and 
	{Althaus}, L. and {C{\'o}rsico}, A.},
    title = "{SDSS DR7 White Dwarf Catalog}",
  journal = {\apjs},
archivePrefix = "arXiv",
   eprint = {1212.1222},
 primaryClass = "astro-ph.SR",
 keywords = {catalogs, magnetic fields, stars: luminosity function, mass function, surveys, white dwarfs },
     year = 2013,
    month = jan,
   volume = 204,
      eid = {5},
    pages = {5},
      doi = {10.1088/0067-0049/204/1/5},
   adsurl = {http://adsabs.harvard.edu/abs/2013ApJS..204....5K},
  adsnote = {Provided by the SAO/NASA Astrophysics Data System}
}
